<?xml version="1.0" encoding="UTF-8"?><collection xmlns="http://www.loc.gov/MARC21/slim"><record><leader>00604nam--2200193-i-4500</leader><controlfield tag="001">000020545</controlfield><controlfield tag="002">20161230</controlfield><controlfield tag="005">20161230201033</controlfield><controlfield tag="008">060222s1000------------r-----000-0-rum-d</controlfield><datafield ind1=" " ind2=" " tag="040"><subfield code="a">IFIN-HH</subfield></datafield><datafield ind1=" " ind2=" " tag="041"><subfield code="a">rum</subfield></datafield><datafield ind1=" " ind2=" " tag="080"><subfield code="a">537.622.4(043)</subfield></datafield><datafield ind1="1" ind2=" " tag="100"><subfield code="a">Pintilie, Lucian</subfield></datafield><datafield ind1="1" ind2="0" tag="245"><subfield code="a">Materiale ceramice de tip perovskit cu factor de merit ridicat si aplicatii in detectia radiatiei infrarosii</subfield><subfield code="b">Rezumat teza</subfield><subfield code="c">Lucian pintilie</subfield></datafield><datafield ind1=" " ind2=" " tag="260"><subfield code="a">Bucuresti</subfield><subfield code="b">Ifa</subfield><subfield code="c">1995</subfield></datafield><datafield ind1=" " ind2=" " tag="300"><subfield code="a">25 P</subfield></datafield><datafield ind1=" " ind2=" " tag="500"><subfield code="a">Conducator Stiintifica: Dr. Constantin Tanasoiu</subfield></datafield><datafield ind1=" " ind2=" " tag="852"><subfield code="a">80470</subfield><subfield code="c">537.226</subfield></datafield><datafield ind1=" " ind2=" " tag="CAT"><subfield code="a">Sys</subfield><subfield code="c">20110707</subfield><subfield code="h">164136</subfield></datafield></record></collection>